@url{openstack,
	title = { OpenStack Open Source Cloud Computing Software },
	url = { http://www.openstack.org/ },
	lastchecked = { 02.01.2011 },
}

@inproceedings{hansen11,
	author = {Soren Hansen},
	title = {Building a free, massively scalable cloud computing platform},
	booktitle = {Free and Open source Software Developers' European Meeting
		2011},
	year = 2011,
	month = feb,
}
